@online{ai-wikipedia,
  author={Wikipedia},
  title={K체nstliche Intelligenz},
  url={https://de.wikipedia.org/wiki/K%C3%BCnstliche_Intelligenz},
  urldate={2023-04-20},
  year={2023}
}

@online{chat-gpt,
  author={OpenAI},
  title={K체nstliche Intelligenz},
  url={https://chatgpt.com},
  urldate={2023-04-20},
  year={2023}
}

@online{national-geographic,
  author={nationalgeographic},
  title={Killer-Roboter? Die Bedeutung von K체nstlicher Intelligenz im milit채rischen Einsatz},
  url={https://www.nationalgeographic.de/wissenschaft/2024/01/killer-roboter-die-bedeutung-von-kuenstlicher-intelligenz-im-militaerischen-einsatz},
  urldate={2023-04-20},
  year={2023}
}

@online{ibm,
  author={ibm},
  title={What is AI?},
  url={https://www.ibm.com/topics/artificial-intelligence},
  urldate={2023-04-20},
  year={2023}
}
